% First paper
@inproceedings{DBLP:conf/semweb/NechaevCG17a,
  author    = {Yaroslav Nechaev and
               Francesco Corcoglioniti and
               Claudio Giuliano},
  title     = {SocialLink: Linking DBpedia Entities to Corresponding Twitter Accounts},
  booktitle = {The Semantic Web - {ISWC} 2017 - 16th International Semantic Web Conference,
               Vienna, Austria, October 21-25, 2017, Proceedings, Part {II}},
  pages     = {165--174},
  year      = {2017},
  crossref  = {DBLP:conf/semweb/2017-2},
  url       = {https://doi.org/10.1007/978-3-319-68204-4\_17},
  doi       = {10.1007/978-3-319-68204-4\_17},
  timestamp = {Thu, 12 Oct 2017 10:40:23 +0200},
  biburl    = {https://dblp.org/rec/bib/conf/semweb/NechaevCG17a},
  bibsource = {dblp computer science bibliography, https://dblp.org}
}

@proceedings{DBLP:conf/semweb/2017-2,
  editor    = {Claudia d'Amato and
               Miriam Fern{\'{a}}ndez and
               Valentina A. M. Tamma and
               Freddy L{\'{e}}cu{\'{e}} and
               Philippe Cudr{\'{e}}{-}Mauroux and
               Juan F. Sequeda and
               Christoph Lange and
               Jeff Heflin},
  title     = {The Semantic Web - {ISWC} 2017 - 16th International Semantic Web Conference,
               Vienna, Austria, October 21-25, 2017, Proceedings, Part {II}},
  series    = {Lecture Notes in Computer Science},
  volume    = {10588},
  publisher = {Springer},
  year      = {2017},
  url       = {https://doi.org/10.1007/978-3-319-68204-4},
  doi       = {10.1007/978-3-319-68204-4},
  isbn      = {978-3-319-68203-7},
  timestamp = {Thu, 12 Oct 2017 10:40:23 +0200},
  biburl    = {https://dblp.org/rec/bib/conf/semweb/2017-2},
  bibsource = {dblp computer science bibliography, https://dblp.org}
}
% Second paper
@inproceedings{DBLP:conf/sac/NechaevCG17,
  author    = {Yaroslav Nechaev and
               Francesco Corcoglioniti and
               Claudio Giuliano},
  title     = {Linking knowledge bases to social media profiles},
  booktitle = {Proceedings of the Symposium on Applied Computing, {SAC} 2017, Marrakech,
               Morocco, April 3-7, 2017},
  pages     = {145--150},
  year      = {2017},
  crossref  = {DBLP:conf/sac/2017},
  url       = {http://doi.acm.org/10.1145/3019612.3019645},
  doi       = {10.1145/3019612.3019645},
  timestamp = {Mon, 06 Nov 2017 12:14:38 +0100},
  biburl    = {https://dblp.org/rec/bib/conf/sac/NechaevCG17},
  bibsource = {dblp computer science bibliography, https://dblp.org}
}
@proceedings{DBLP:conf/sac/2017,
  editor    = {Ahmed Seffah and
               Birgit Penzenstadler and
               Carina Alves and
               Xin Peng},
  title     = {Proceedings of the Symposium on Applied Computing, {SAC} 2017, Marrakech,
               Morocco, April 3-7, 2017},
  publisher = {{ACM}},
  year      = {2017},
  url       = {http://doi.acm.org/10.1145/3019612},
  doi       = {10.1145/3019612},
  isbn      = {978-1-4503-4486-9},
  timestamp = {Tue, 30 May 2017 13:26:11 +0200},
  biburl    = {https://dblp.org/rec/bib/conf/sac/2017},
  bibsource = {dblp computer science bibliography, https://dblp.org}
}
%Terzo paper
@article{DBLP:journals/semweb/FossatiDG18,
  author    = {Marco Fossati and
               Emilio Dorigatti and
               Claudio Giuliano},
  title     = {N-ary relation extraction for simultaneous T-Box and A-Box knowledge
               base augmentation},
  journal   = {Semantic Web},
  volume    = {9},
  number    = {4},
  pages     = {413--439},
  year      = {2018},
  url       = {https://doi.org/10.3233/SW-170269},
  doi       = {10.3233/SW-170269},
  timestamp = {Tue, 03 Jul 2018 14:27:26 +0200},
  biburl    = {https://dblp.org/rec/bib/journals/semweb/FossatiDG18},
  bibsource = {dblp computer science bibliography, https://dblp.org}
}
% Papers non ancora usciti
@article{self:SocialLink/Embeddings,
  author    = {Yaroslav Nechaev and
               Francesco Corcoglioniti and
               Claudio Giuliano},
  title     = {SocialLink: Exploiting Graph Embeddings to Link DBpedia Entities to Twitter Profiles},
  journal   = {to appear},
  year      = {2018}
}

@article{self:SocialLink/TypePrediction,
  author    = {Yaroslav Nechaev and
               Francesco Corcoglioniti and
               Claudio Giuliano},
  title     = {Type Prediction Combining Linked Open Data and Social Media},
  journal   = {to appear},
  year      = {2018}
}